<record><leader>00000cas a22000001  4500</leader><controlfield tag="001">32409500</controlfield><controlfield tag="007">hd afb016baca</controlfield><controlfield tag="007">hd bfb016baaa</controlfield><controlfield tag="008">950503d19001934ohuwr n a     0    1eng c</controlfield><datafield ind1=" " ind2=" " tag="010"><subfield code="a">sn 94089040 </subfield></datafield><datafield ind1=" " ind2=" " tag="040"><subfield code="a">NN</subfield><subfield code="b">eng</subfield><subfield code="c">RQM</subfield><subfield code="d">NYP</subfield><subfield code="d">OCLCQ</subfield><subfield code="d">OCLCF</subfield><subfield code="d">OCLCO</subfield><subfield code="d">OCLCQ</subfield></datafield><datafield ind1=" " ind2=" " tag="012"><subfield code="i">9505</subfield></datafield><datafield ind1=" " ind2=" " tag="042"><subfield code="a">pcc</subfield></datafield><datafield ind1=" " ind2=" " tag="043"><subfield code="a">n-us---</subfield></datafield><datafield ind1="0" ind2=" " tag="130"><subfield code="a">Finance &amp; industry (Cleveland, Ohio)</subfield></datafield><datafield ind1="1" ind2="0" tag="245"><subfield code="a">Finance &amp; industry.</subfield></datafield><datafield ind1="3" ind2="0" tag="246"><subfield code="a">Finance and industry</subfield></datafield><datafield ind1="3" ind2="0" tag="246"><subfield code="a">Fourth district finance and industry</subfield></datafield><datafield ind1="1" ind2="0" tag="247"><subfield code="a">Finance</subfield><subfield code="f">-Nov. 16, 1918</subfield></datafield><datafield ind1="1" ind2="0" tag="247"><subfield code="a">Finance &amp; industry</subfield><subfield code="f">Nov. 23, 1918-Sept. 1, 1928</subfield></datafield><datafield ind1="1" ind2="0" tag="247"><subfield code="a">Fourth district finance &amp; industry</subfield><subfield code="f">Sept. 8, 1928-July 1930</subfield></datafield><datafield ind1=" " ind2=" " tag="260"><subfield code="a">Cleveland,</subfield><subfield code="b">Finance Pub. Co.</subfield></datafield><datafield ind1=" " ind2=" " tag="300"><subfield code="a">volumes in.</subfield><subfield code="b">illustrations (including portraits)</subfield><subfield code="c">48 cm</subfield></datafield><datafield ind1=" " ind2=" " tag="310"><subfield code="a">Weekly</subfield></datafield><datafield ind1=" " ind2=" " tag="336"><subfield code="a">text</subfield><subfield code="b">txt</subfield><subfield code="2">rdacontent</subfield></datafield><datafield ind1=" " ind2=" " tag="337"><subfield code="a">microform</subfield><subfield code="b">h</subfield><subfield code="2">rdamedia</subfield></datafield><datafield ind1=" " ind2=" " tag="338"><subfield code="a">microfilm reel</subfield><subfield code="b">hd</subfield><subfield code="2">rdacarrier</subfield></datafield><datafield ind1="0" ind2=" " tag="362"><subfield code="a">Jan. 1900-Jan. 1934.</subfield></datafield><datafield ind1=" " ind2=" " tag="515"><subfield code="a">Volume numbers irregular: v. 14, no. 1 called v. 13, no. 27; v. 35 repeated; v. 38 omitted; v. 47, no. 1 called v. 46, no. 1.</subfield></datafield><datafield ind1=" " ind2=" " tag="533"><subfield code="a">Microfilm.</subfield><subfield code="m">1900-May 1932:[Gaps]</subfield><subfield code="b">New York :</subfield><subfield code="c">New York Public Library,</subfield><subfield code="d">[19--].</subfield><subfield code="e">32 microfilm reels ; 35 mm.</subfield></datafield><datafield ind1=" " ind2="0" tag="650"><subfield code="a">Finance</subfield><subfield code="v">Periodicals.</subfield></datafield><datafield ind1=" " ind2="0" tag="650"><subfield code="a">Finance</subfield><subfield code="z">United States.</subfield></datafield><datafield ind1=" " ind2="7" tag="650"><subfield code="a">Finance.</subfield><subfield code="2">fast</subfield><subfield code="0">(OCoLC)fst00924349</subfield></datafield><datafield ind1=" " ind2="7" tag="651"><subfield code="a">United States.</subfield><subfield code="2">fast</subfield><subfield code="0">(OCoLC)fst01204155</subfield></datafield><datafield ind1=" " ind2="7" tag="655"><subfield code="a">Periodicals.</subfield><subfield code="2">fast</subfield><subfield code="0">(OCoLC)fst01411641</subfield></datafield><datafield ind1="0" ind2="5" tag="780"><subfield code="t">Fourth district banker and manufacturer</subfield><subfield code="g">Sept. 8, 1928</subfield></datafield><datafield ind1=" " ind2=" " tag="850"><subfield code="a">NN</subfield><subfield code="a">NN (master)</subfield></datafield><datafield ind1="1" ind2=" " tag="029"><subfield code="a">AU@</subfield><subfield code="b">000024024591</subfield></datafield></record>